% If in an article there are many authors,to avoid a too long bibliography, you can write:
% e.g. author={Adriani, O and others},
% and in output you get e.g. "Elena Celledoni et al." that means "et all the others", in that way the bibliography is lighter and more readable.

@article{krammer2015silicon,
  title={Silicon detectors in high energy physics experiments},
  author={Krammer, Manfred},
  journal={Scholarpedia},
  volume={10},
  number={10},
  pages={32486},
  year={2015}
}

@inproceedings{EASY,
  title={EASY: Educational Alibava System},
  author={Garc{\'\i}a, Carmen and Bernabeu, Jos{\'e} and Herranz, Juan and Lacasta, Carlos and Lozano, Manuel and Mart{\'\i}-Garc{\'\i}a, Salvador and Pellegrini, Giulio and Ull{\'a}n, Miguel},
  booktitle={EPJ Web of Conferences},
  volume={253},
  pages={10004},
  year={2021},
  organization={EDP Sciences}
}

@article{attrep2008determination,
  title={Determination of Radio-strontium Isotopes in Environmental Samples},
  author={Attrep, Moses and Kahn, Bernd and Attrep, Moses and Kahn, Bernd},
  journal={Radioanalytical Chemistry Experiments},
  pages={103--112},
  year={2008},
  publisher={Springer}
}

@article{labguide,
  title={V15-Characterization of silicon strip sensors},
  author={Held, Nora and Barth, Falko},
  journal={TU Dortmund, Department of physics},
  year={2023}
}
V15-Characterization of silicon strip sensors. .

@article{allport,
  title={Applications of silicon strip and pixel-based particle tracking detectors},
  author={Allport, Philip},
  journal={Nature Reviews Physics},
  volume={1},
  number={9},
  pages={567--576},
  year={2019},
  publisher={Nature Publishing Group UK London}
}
@article{corona,
  title={Simulation Tools for the 2KM detector at the T2K Experiment},
  author={Corona, Thomas Joseph},
  journal={Duke University},
  year={2006}
}
