% If in an article there are many authors,to avoid a too long bibliography, you can write:
% e.g. author={Adriani, O and others},
% and in output you get e.g. "Elena Celledoni et al." that means "et all the others", in that way the bibliography is lighter and more readable.

@misc{PDG ,
author = {Particle Data Group},
title = {Review of Particle Physics 2024},
howpublished = {Available at \url{https://pdglive.lbl.gov/Viewer.action}}
}

@article{brun1997root,
  title={ROOT—An object oriented data analysis framework},
  author={Brun, Rene and Rademakers, Fons},
  journal={Nuclear instruments and methods in physics research section A: accelerators, spectrometers, detectors and associated equipment},
  volume={389},
  number={1-2},
  pages={81--86},
  year={1997},
  publisher={Elsevier}
}

@article{Sakharov,
    author = "Sakharov, A. D.",
    title = "{Violation of CP Invariance, C asymmetry, and baryon asymmetry of the universe}",
    doi = "10.1070/PU1991v034n05ABEH002497",
    journal = "Pisma Zh. Eksp. Teor. Fiz.",
    volume = "5",
    pages = "32--35",
    year = "1967"
}

@article{CKM,
    author = "Kobayashi, Makoto and Maskawa, Toshihide",
    title = "{CP Violation in the Renormalizable Theory of Weak Interaction}",
    reportNumber = "KUNS-242",
    doi = "10.1143/PTP.49.652",
    journal = "Prog. Theor. Phys.",
    volume = "49",
    pages = "652--657",
    year = "1973"
}

@article{Cabibbo,
  title = {Unitary Symmetry and Leptonic Decays},
  author = {Cabibbo, Nicola},
  journal = {Phys. Rev. Lett.},
  volume = {10},
  issue = {12},
  pages = {531--533},
  numpages = {0},
  year = {1963},
  month = {Jun},
  publisher = {American Physical Society},
  doi = {10.1103/PhysRevLett.10.531},
  url = {https://link.aps.org/doi/10.1103/PhysRevLett.10.531}
}

@misc{LHCb_detector ,
author = {LHCb collaboration},
title = {The LHCb Detector},
howpublished = {Available at \url{https://lhcb-outreach.web.cern.ch/detector/}}
}

@article{bkkk_feynman,
author = {Aubert, B. and Barate, R. and Bona, M. and Boutigny, D. and Couderc, F. and Karyotakis, Y. and Lees, J. and Poireau, V. and Tisserand, V. and Zghiche, Amina and Grauges, E. and Palano, A. and Chen, Chong and Qi, N. and Rong, G. and Wang, Ping and Zhu, Yonggui and Eigen, Gerald and Ofte, I. and Neal, H.},
year = {2006},
month = {07},
pages = {},
title = {Branching fraction measurements of charged B decays to K*+K+K-, K*+π+K-, K*+K+π- and K*+π+π- final states},
volume = {74},
journal = {Phys. Rev. D},
doi = {10.1103/PhysRevD.74.051104}
}
