% If in an article there are many authors,to avoid a too long bibliography, you can write:
% e.g. author={Adriani, O and others},
% and in output you get e.g. "Elena Celledoni et al." that means "et all the others", in that way the bibliography is lighter and more readable.

@misc{PDG ,
author = {Particle Data Group},
title = {Review of Particle Physics 2024},
howpublished = {Available at \url{https://pdglive.lbl.gov/Viewer.action}}
}
