% If in an article there are many authors,to avoid a too long bibliography, you can write:
% e.g. author={Adriani, O and others},
% and in output you get e.g. "Elena Celledoni et al." that means "et all the others", in that way the bibliography is lighter and more readable.

@inproceedings{Chen,
 author = {Chen, Tianqi and Guestrin, Carlos},
 title = {{XGBoost}: A Scalable Tree Boosting System},
 booktitle = {Proceedings of the 22nd ACM SIGKDD International Conference on Knowledge Discovery and Data Mining},
 series = {KDD '16},
 year = {2016},
 isbn = {978-1-4503-4232-2},
 location = {San Francisco, California, USA},
 pages = {785--794},
 numpages = {10},
 url = {http://doi.acm.org/10.1145/2939672.2939785},
 doi = {10.1145/2939672.2939785},
 acmid = {2939785},
 publisher = {ACM},
 address = {New York, NY, USA},
 keywords = {large-scale machine learning},
} 

@misc{LHCb_detector ,
author = {LHCb collaboration},
title = {The LHCb Detector},
howpublished = {Available at \url{https://lhcb-outreach.web.cern.ch/detector/}}
}

@misc{PDG ,
author = {Particle Data Group},
title = {Review of Particle Physics 2024},
howpublished = {Available at \url{https://pdglive.lbl.gov/Viewer.action}}
}

@article{KS_test,
	title = {The Kolmogorov-Smirnov Test for Goodness of Fit.},
	journal = {Journal of the American Statistical Association},
	volume = {46},
	number = {253},
	pages = {68-78},
	year = {1951},
	doi = {https://doi.org/10.2307/2280095},
	author = {Massey, Frank J.},
}

@misc{roc,
author = {Google},
title = {Classification: ROC and AUC},
howpublished = {Available at \url{https://developers.google.com/machine-learning/crash-course/classification/roc-and-auc}}
}
